@mastersthesis{cbsample2016k,
  author = {{College Board}},
  title={Testing the Effectiveness of Pulmonary Macrophage Transplantation to treat Pulmonary Alveolar Proteinosis Caused by Niemann-Pick Type C},
  year = 2016,
  type = {AP Research academic paper},
  url = {https://secure-media.collegeboard.org/digitalServices/pdf/ap/apcentral/ap16_research_high_sample_k_topic_stem.pdf}
}
