@mastersthesis{cbsample2018b,
  author = {{College Board}},
  title={Drosophila Insulin Like Peptides: Causal Neuropeptide for Fly Aggression?},
  year = 2018,
  type = {AP Research academic paper},
  url = {https://secure-media.collegeboard.org/ap/pdf/ap18-research-sample-b.pdf}
}
