@mastersthesis{cbsample2016c,
  author = {{College Board}},
  title={The United States Supreme Court: A Case Study on the Relation of Prior Public Opinion to Compliance},
  year = 2016,
  type = {AP Research academic paper},
  url = {https://secure-media.collegeboard.org/digitalServices/pdf/ap/apcentral/ap16_research_high_sample_c_topic_history_humanities_.pdf}
}
