@mastersthesis{cbsample2016i,
  author = {{College Board}},
  title={The Modern Mythical Place: San Fransokyo, Hiro, and Hybridity in Disney's Big Hero 6},
  year = 2016,
  type = {AP Research academic paper},
  url = {https://secure-media.collegeboard.org/digitalServices/pdf/ap/apcentral/ap16_research_high_sample_i_topic_arts_humanities.pdf}
}
