@misc{template1,
  title={Research Proposal Guidelines},
  month= 5,
  year= 2019
}