@mastersthesis{cbsample2018d,
  author = {{College Board}},
  title={The Thin-Layer Chromatography Analysis of Phospholipids in *Vibrio fischeri* with a Focus on Cardiolipin},
  year = 2018,
  type = {AP Research academic paper},
  url = {https://secure-media.collegeboard.org/ap/pdf/ap18-research-sample-d.pdf}
}
