@mastersthesis{cbsamplea,
  author = {{College Board}},
  title={Growth for Good: How Past Experiences Motivate Executives to Join Double Bottom Line Organizations in the Indian Construction Industry},
  year = 2017,
  type = {AP Research academic paper},
  url = {https://secure-media.collegeboard.org/digitalServices/pdf/ap/ap17-research-sample-a-high.pdf}
}
