@mastersthesis{cbsample2018c,
  author = {{College Board}},
  title={A *Raw* Film Analysis},
  year = 2018,
  type = {AP Research academic paper},
  url = {https://secure-media.collegeboard.org/ap/pdf/ap18-research-sample-c.pdf}
}
