@mastersthesis{cbsampleb,
  author = {{College Board}},
  title={Music Chemistry: The Formula of K-Pop},
  year = 2017,
  type = {AP Research academic paper},
  url = {https://secure-media.collegeboard.org/digitalServices/pdf/ap/ap17-research-sample-b-high.pdf}
}
