@mastersthesis{cbsample2016g,
  author = {{College Board}},
  title={Special Considerations Concerning Genetic Testing in Minority Populations and Ethnicities},
  year = 2016,
  type = {AP Research academic paper},
  url = {https://secure-media.collegeboard.org/digitalServices/pdf/ap/apcentral/ap16_research_high_sample_g_topic_social_science.pdf}
}
