@mastersthesis{cbsample2017d,
  author = {{College Board}},
  title={Making Health Education LGBTQ+ Inclusive in Vermont High Schools},
  year = 2017,
  type = {AP Research academic paper},
  url = {https://secure-media.collegeboard.org/digitalServices/pdf/ap/ap17-research-sample-d-high.pdf}
}

