@mastersthesis{cbsample2017c,
  author = {{College Board}},
  title={The Modification of Buildings Based on the Mounds of Macrotermes for the Purposes of Thermoregulation and the Elimination of the Need for Modern Air Conditioning},
  year = 2017,
  type = {AP Research academic paper},
  url = {https://secure-media.collegeboard.org/digitalServices/pdf/ap/ap17-research-sample-c-high.pdf}
}
