@mastersthesis{cbsample2018a,
  author = {{College Board}},
  title={Cultivation, Resistance, & Beauty: A Case Study on the Defiant Gardens of the Manzanar Internment Camp during World War II},
  year = 2018,
  type = {AP Research academic paper},
  url = {https://secure-media.collegeboard.org/ap/pdf/ap18-research-sample-a.pdf}
}
